<record><leader>00000cas a22000007a 4500</leader><controlfield tag="001">26530564</controlfield><controlfield tag="008">920903c19929999mnuwr ne      0   a0eng c</controlfield><datafield ind1=" " ind2=" " tag="010"><subfield code="a">sn 92006172 </subfield></datafield><datafield ind1=" " ind2=" " tag="040"><subfield code="a">NSD</subfield><subfield code="b">eng</subfield><subfield code="c">NSD</subfield><subfield code="d">DLC</subfield><subfield code="d">NSD</subfield><subfield code="d">GRR</subfield><subfield code="d">OCLCQ</subfield><subfield code="d">OCLCO</subfield></datafield><datafield ind1=" " ind2=" " tag="012"><subfield code="j">1</subfield><subfield code="m">1</subfield></datafield><datafield ind1="1" ind2=" " tag="022"><subfield code="a">1065-0628</subfield><subfield code="l">1065-0628</subfield><subfield code="2">1</subfield></datafield><datafield ind1=" " ind2=" " tag="032"><subfield code="a">163640</subfield><subfield code="b">USPS</subfield></datafield><datafield ind1=" " ind2=" " tag="037"><subfield code="b">The Independent News Herald, PO Box 248, Eagle Bend, MN 56446</subfield></datafield><datafield ind1=" " ind2=" " tag="042"><subfield code="a">nsdp</subfield><subfield code="a">pcc</subfield></datafield><datafield ind1=" " ind2="0" tag="222"><subfield code="a">Independent news herald</subfield></datafield><datafield ind1="0" ind2="0" tag="245"><subfield code="a">Independent news herald.</subfield></datafield><datafield ind1="0" ind2="0" tag="246"><subfield code="a">News herald</subfield></datafield><datafield ind1=" " ind2=" " tag="260"><subfield code="a">Eagle Bend, MN :</subfield><subfield code="b">EBB Publications,</subfield><subfield code="c">c1992-</subfield></datafield><datafield ind1=" " ind2=" " tag="300"><subfield code="a">v.</subfield></datafield><datafield ind1=" " ind2=" " tag="310"><subfield code="a">Weekly</subfield></datafield><datafield ind1="0" ind2=" " tag="362"><subfield code="a">Vol. 101, no. 1 (Aug. 5, 1992)-</subfield></datafield><datafield ind1=" " ind2=" " tag="580"><subfield code="a">Formed by the union of: The News herald (Eagle Bend, Minn.); and: Clarissa independent.</subfield></datafield><datafield ind1=" " ind2="0" tag="651"><subfield code="a">Eagle Bend (Minn.)</subfield><subfield code="v">Newspapers.</subfield></datafield><datafield ind1=" " ind2="7" tag="655"><subfield code="a">Periodicals.</subfield><subfield code="2">lcgft</subfield></datafield><datafield ind1=" " ind2=" " tag="752"><subfield code="a">United States</subfield><subfield code="b">Minnesota</subfield><subfield code="c">Todd</subfield><subfield code="d">Eagle Bend.</subfield></datafield><datafield ind1="1" ind2="4" tag="780"><subfield code="t">News herald (Eagle Bend, Minn.)</subfield><subfield code="x">8750-4693</subfield><subfield code="w">(DLC)sn 84002061</subfield><subfield code="w">(OCoLC)11459619</subfield></datafield><datafield ind1="1" ind2="4" tag="780"><subfield code="t">Clarissa independent</subfield><subfield code="w">(DLC)sn 91059126</subfield><subfield code="w">(OCoLC)1554823</subfield></datafield></record>